@article{needleman1970general,
  title={A general method applicable to the search for similarities in the amino acid sequence of two proteins},
  author={Needleman, Saul B and Wunsch, Christian D},
  journal={Journal of molecular biology},
  volume={48},
  number={3},
  pages={443--453},
  year={1970},
  publisher={Elsevier}
}

@article{wang1994complexity,
  title={On the complexity of multiple sequence alignment},
  author={Wang, Lusheng and Jiang, Tao},
  journal={Journal of computational biology},
  volume={1},
  number={4},
  pages={337--348},
  year={1994}
}

@article{thompson1994clustal,
  title={CLUSTAL W: improving the sensitivity of progressive multiple sequence alignment through sequence weighting, position-specific gap penalties and weight matrix choice},
  author={Thompson, Julie D and Higgins, Desmond G and Gibson, Toby J},
  journal={Nucleic acids research},
  volume={22},
  number={22},
  pages={4673--4680},
  year={1994},
  publisher={Oxford university press}
}

@book{sung2009algorithms,
  title={Algorithms in bioinformatics: A practical introduction},
  author={Sung, Wing-Kin},
  year={2009},
  publisher={CRC Press}
}